@inproceedings{CRC,
 author = {Geuvers, Herman and Niqui, Milad},
 title = {Constructive Reals in Coq: Axioms and Categoricity},
 booktitle = {TYPES '00: Selected papers from the International Workshop on Types for Proofs and Programs},
 year = {2002},
 isbn = {3-540-43287-6},
 pages = {79--95},
 publisher = {Springer-Verlag},
 address = {London, UK},
 }

@inproceedings{field,
  author = {Delahaye, David and Mayero, Micaela},
  title = {{\tt Field}: une proc\'edure de d\'ecision pour les nombres
           r\'eels en {C}oq},
  booktitle = {{J}ourn\'ees {F}rancophones des {L}angages {A}pplicatifs,
              Pontarlier},
  publisher = {INRIA},
  month = {Janvier},
  year = {2001},
  http = {http://www-lipn.univ-paris13.fr/~mayero/publis/field.ps.gz}
}


@misc{wiki:Lazy_evaluation,
   author = "Wikipedia",
   title = "Lazy evaluation --- {W}ikipedia{,} The Free Encyclopedia",
   year = "2010",
   url = "http://en.wikipedia.org/wiki/Lazy_evaluation",
   note = "[Online; accessed 20-April-2010]"
 }

@misc{wiki:Coinduction,
   author = "Wikipedia",
   title = "Coinduction --- {W}ikipedia{,} The Free Encyclopedia",
   year = "2010",
   url = "http://en.wikipedia.org/wiki/Coinduction",
   note = "[Online; accessed 20-April-2010]"
}

@misc{wiki:Coq,
   author = "Wikipedia",
   title = "Coq --- {W}ikipedia{,} The Free Encyclopedia",
   year = "2010",
   url = "http://en.wikipedia.org/wiki/Coq",
   note = "[Online; accessed 20-April-2010]"
}

 
@misc{wiki:TS,
   author = "Wikipedia",
   title = "Taylor Series --- {W}ikipedia{,} The Free Encyclopedia",
   year = "2010",
   url = "http://en.wikipedia.org/wiki/Taylor_Series",
   note = "[Online; accessed 20-April-2010]"
}
@misc{wiki:Real,
   author = "Wikipedia",
   title = "Construction of the real numbers --- {W}ikipedia{,} The Free Encyclopedia",
   year = "2010",
   url = "http://en.wikipedia.org/wiki/Construction_of_the_real_numbers",
   note = "[Online; accessed 20-April-2010]"
}

@misc{wiki:Pattern,
   author = "Wikipedia",
   title = "Pattern matching --- {W}ikipedia{,} The Free Encyclopedia",
   year = "2010",
   url = "http://en.wikipedia.org/wiki/Pattern_matching",
   note = "[Online; accessed 26-April-2010]"
}

@misc{wiki:4colour,
   author = "Wikipedia",
   title = "Four color theorem --- {W}ikipedia{,} The Free Encyclopedia",
   year = "2010",
   url = "http://en.wikipedia.org/wiki/Four_color_theorem",
   note = "[Online; accessed 26-April-2010]"
}
 
@misc{agdawiki:main,
   author = "The Agda Wiki",
   title = "Main Page",
   year = "2010",
   url = "http://wiki.portal.chalmers.se/agda/pmwiki.php?n=Main.HomePage",
   note = "[Online; accessed 13-April-2010]"
 }
 
@misc{agdawiki:up,
   author = "The Agda Wiki",
   title = "Universe Polymorphism",
   year = "2010",
   url = "http://wiki.portal.chalmers.se/agda/pmwiki.php?n=Main.UniversePolymorphism",
   note = "[Online; accessed 30-April-2010]"
 }

@unpublished{tutorial, 
author = {Ulf Norell}, 
Title = {Dependently typed programming in agda}, 
YEAR = "2008",
Note = "Available at: http://www.cse.chalmers.se/~ulfn/papers/afp08tutorial.pdf"
} 

@article{cantor, 
author = {Georg Cantor}, 
Title = {On a Property of the Collection of All Real Algebraic Numbers},
journal = "English translation: Ewald 1996",
YEAR = "1874",
pages = "840 - 843",
}

@article{Bridges199995,
title = "Constructive mathematics: a foundation for computable analysis",
journal = "Theoretical Computer Science",
volume = "219",
number = "1-2",
pages = "95 - 109",
year = "1999",
note = "",
issn = "0304-3975",
doi = "DOI: 10.1016/S0304-3975(98)00285-0",
url = "http://www.sciencedirect.com/science/article/B6V1G-3WXWSM9-6/2/c1225a60fbe1d641e225bdf749181845",
author = "Douglas S. Bridges",
keywords = "Constructive",
keywords = "Intuitionistic logic",
keywords = "Recursive"
}

@article{Ciaffaglione200639,
title = "A certified, corecursive implementation of exact real numbers",
journal = "Theoretical Computer Science",
volume = "351",
number = "1",
pages = "39 - 51",
year = "2006",
note = "Real Numbers and Computers",
issn = "0304-3975",
doi = "DOI: 10.1016/j.tcs.2005.09.061",
url = "http://www.sciencedirect.com/science/article/B6V1G-4HCN79X-2/2/f3adf7d22f328d616fad84fa9b2bba7d",
author = "Alberto Ciaffaglione and Pietro Di Gianantonio",
keywords = "Exact computation",
keywords = "Streams of digits",
keywords = "Lazy functional algorithms",
keywords = "Coinductive type theories",
keywords = "Interactive theorem proving",
keywords = "Program and system verification",
keywords = "Logical Frameworks",
keywords = "Coq"
}

@inproceedings{jones,
 author = {Jones, Claire},
 title = {Completing the rationals and metric spaces in LEGO},
 booktitle = {Papers presented at the second annual Workshop on Logical environments},
 year = {1993},
 isbn = {0-521-43312-6},
 pages = {297--316},
 location = {Edinburgh, Scotland},
 publisher = {Cambridge University Press},
 address = {New York, NY, USA},
 }
 
 @inproceedings{howe,
 author = {Chirimar, Jawahar and Howe, Douglas J.},
 title = {Implementing Constructive Real Analysis: Preliminary Report},
 booktitle = {Constructivity in Computer Science, Summer Symposium},
 year = {1992},
 isbn = {3-540-55631-1},
 pages = {165--178},
 publisher = {Springer-Verlag},
 address = {London, UK},
 }

@inproceedings{oconnor,
 author = {O'Connor, Russell},
 title = {Certified Exact Transcendental Real Number Computation in Coq},
 booktitle = {TPHOLs '08: Proceedings of the 21st International Conference on Theorem Proving in Higher Order Logics},
 year = {2008},
 isbn = {978-3-540-71065-3},
 pages = {246--261},
 location = {Montreal, P.Q., Canada},
 doi = {http://dx.doi.org/10.1007/978-3-540-71067-7_21},
 publisher = {Springer-Verlag},
 address = {Berlin, Heidelberg},
 }
 
@Unpublished{alti:pisigma-new,
  author = 	 {Thorsten Altenkirch and Nils Anders Danielsson and Andres L\"oh and Nicolas Oury},
  title = 	 {PiSigma: Dependent Types Without the Sugar},
  note = 	 {submitted for publication},
  month =	 {November},
  year =	 {2009},
}

@Misc{alti:ydtm,
  author =	 {Thorsten Altenkirch and Conor McBride and James McKinna},
  title =	 {Why Dependent Types Matter},
  howpublished = {Manuscript, available online},
  month =	 {April},
  year =	 {2005},
}

@book{dtw,
 author = {Bove, Ana and Dybjer, Peter},
 title = {Dependent Types at Work},
 book = {Language Engineering and Rigorous Software Development: International LerNet ALFA Summer School 2008, Piriapolis, Uruguay, February 24 - March 1, 2008, Revised Tutorial Lectures},
 year = {2009},
 isbn = {978-3-642-03152-6},
 pages = {57--99},
 doi = {http://dx.doi.org/10.1007/978-3-642-03153-3_2},
 publisher = {Springer-Verlag},
 address = {Berlin, Heidelberg},
 }
 
@book{bishop,
 author = {Errett Bishop and Douglas Bridges},
 title = {Constructive Analysis},
 year = {1985},
 publisher = {Springer-Verlag},
 address = {Berlin, Heidelberg},
}

@book{itt,
 author = {Per Martin-Löf},
 title = {Intuitionistic Type Theory},
 year = {1984},
 publisher = {Bibliopolis},
 address = {Napoli},
}
 
@inproceedings{aboa,
 author = {Bove, Ana and Dybjer, Peter and Norell, Ulf},
 title = {A Brief Overview of Agda --- A Functional Language with Dependent Types},
 booktitle = {TPHOLs '09: Proceedings of the 22nd International Conference on Theorem Proving in Higher Order Logics},
 year = {2009},
 isbn = {978-3-642-03358-2},
 pages = {73--78},
 location = {Munich, Germany},
 doi = {http://dx.doi.org/10.1007/978-3-642-03359-9_6},
 publisher = {Springer-Verlag},
 address = {Berlin, Heidelberg},
 }
 
@article{pdg,
 author = {Di Gianantonio, Pietro},
 title = {Real number computability and domain theory},
 journal = {Inf. Comput.},
 volume = {127},
 number = {1},
 year = {1996},
 issn = {0890-5401},
 pages = {11--25},
 doi = {http://dx.doi.org/10.1006/inco.1996.0046},
 publisher = {Academic Press, Inc.},
 address = {Duluth, MN, USA},
 } 
 
@MISC{nps,
    author = {B. Nordström and K. Petersson and J. M. Smith},
    title = {Martin Löf's Type Theory},
    year = {1990}
} 