
@book{Nord,
 author = {Nordstr\"{o}m, Bengt and Petersson, Kent and Smith, Jan M.},
 title = {Programming in Martin-L\"{o}f's type theory: an introduction},
 year = {1990},
 isbn = {0-19-853814-6},
 publisher = {Clarendon Press},
 address = {New York, NY, USA},
} 