@book{nor:90,
 author = {Nordstr\"{o}m, Bengt and Petersson, Kent and Smith, Jan M.},
 title = {Programming in Martin-L\"{o}f's type theory: an introduction},
 year = {1990},
 isbn = {0-19-853814-6},
 publisher = {Clarendon Press},
 address = {New York, NY, USA},
} 

@book{str93:,
 author = {Thomas Streicher},
 title = {Investigations into {I}ntenstional {T}ype {T}heory},
 year = {1993},
 publisher = {Habilitation Thesis},
 address = {Ludwig-Maximilians Universit\"{a}t, Munich},
} 


@article{pal:10,
 author = {Erik Palmgren},
 title = {Proof-relevance of {F}amilies of {S}etoids and {I}dentity in {T}ype {T}heory},
 year = {2010},
 address = {Institut Mittag-Leffler},
} 



@article{hed:98,
 author = {Michael Hedberg},
 title = {A coherence theorem for Martin-L\"{o}f's type theory},
 year = {1998},
 address = {University of Goteb\"{o}rg and Chalmers University of Technology, Sweden},
}


@article{nuo:10,
 author = {Li Nuo},
 title = {Representing numbers in {A}gda},
 year = {2010},
 address = {University of Nottingham, UK},
} 

@inproceedings{cou:01,
  author = {Pierre Courtieu},
  title = {\textbf{Normalized types}},
  booktitle = {Proceedings of CSL2001},
  series = {Lecture Notes in Computer Science},
  year = 2001,
  volume = 2142,
  ps = {papers/courtieucsl2001.ps.gz}
}

@INPROCEEDINGS{hof:95:sm,
    author = {Martin Hofmann},
    title = {A {S}imple {M}odel for {Q}uotient {T}ypes},
    booktitle = {Proceedings of TLCA'95, volume 902 of Lecture Notes in Computer Science},
    year = {1995},
    pages = {216--234},
    publisher = {Springer}
}

@INPROCEEDINGS{hom,
    author = {Peter V. Homeier},
    title = {Quotient {T}ypes},
    booktitle = {In TPHOLs 2001: Supplemental Proceedings},
    year = {2001},
    pages = {0046}
}


@PHDThesis{hof:phd,
	title = {Extensional concepts in {I}ntensional {T}ype {T}heory},
	author = {Hofmann, Martin},
	year = 1995,
	publisher = {University of Edinburgh.},
	school = {School of Informatics.}
}	
	
@book{bis:85,
 author = {Bishop, Errett and Douglas Bridges},
 title = {Constructive {A}nalysis},
 year = {1985},
 isbn = {0-387-15066-8},
 publisher = {Springer},
 address = {New York}
} 
	
	
@article{aan,
 author = {Thorsten Altenkirch and Thomas   Anberr\'{e}e and Nuo Li},
 title = {Definable {Q}uotients in {T}ype {T}heory},
 year = {2011},
 address = {University of Nottingham, UK}
} 


@INPROCEEDINGS{nog:02,
    author = {Aleksey Nogin},
    title = {Quotient Types: A {M}odular {A}pproach},
    booktitle = {ITU-T Recommendation H.324},
    year = {2002},
    pages = {263--280},
    publisher = {Springer-Verlag}
}

@inproceedings{hof:95:con,
 author = {Hofmann, Martin},
 title = {Conservativity of {E}quality {R}eflection over {I}ntensional {T}ype {T}heory},
 booktitle = {Selected papers from the International Workshop on Types for Proofs and Programs},
 series = {TYPES '95},
 year = {1996},
 isbn = {3-540-61780-9},
 pages = {153--164},
 numpages = {12},
 url = {http://portal.acm.org/citation.cfm?id=646536.695865},
 acmid = {695865},
 publisher = {Springer-Verlag},
 address = {London, UK}
} 


@INPROCEEDINGS{bar:96,
    author = {Gilles Barthe and Herman Geuvers},
    title = {Congruence {T}ypes},
    booktitle = {Proceedings of CSL'95},
    year = {1996},
    pages = {36--51},
    publisher = {Springer-Verlag}
}

@inproceedings{coq:92,
author = {Thierry Coquand},
title = {Pattern {M}atching with {D}ependent {T}ypes},
booktitle = {Types for Proofs and Programs},
year = {1992},
masid = {325604}
}

@MISC{cab,
    author = {Robert L. Constable and Stuart F. Allen and S. F. Allen and H. M. Bromley and W. R. Cleaveland and J. F. Cremer and R. W. Harper and Douglas J. Howe and T. B. Knoblock and N. P. Mendler and P. Panangaden and Scott F. Smith and James T. Sasaki and S. F. Smith},
    title = {Implementing {M}athematics with {T}he {N}uprl {P}roof {D}evelopment {S}ystem},
    year = {1986}
}

@InProceedings{alt:99,
  author = 	 {Thorsten Altenkirch},
  title = 	 {Extensional {E}quality in {I}ntensional {T}ype {T}heory},
  booktitle = 	 {14th Symposium on Logic in Computer Science},
  year =	 {1999},
  pages = { 412 -- 420 }
}

@InProceedings{men:90,
	title = {Quotient types via coequalizers in Martin-L\"{o}f type theory},
	author = {Mendler, N.P.},
	booktitle = {Proceedings of the {L}ogical {F}rameworks {W}orkshop},
	pages = {349--361},
	year = 1990
}


@book{rus:1903,
 author = {Russell, Bertrand},
 title = {The {P}rinciples of {M}athematics},
 year = {1903},
 publisher = {Cambridge University Press},
 address = {Cambridge}
} 

@inbook{nor:00,
 author = {Nordstr\"{o}m, Bengt and Petersson, Kent and Smith, Jan M.},
 booktitle = {Handbook of {L}ogic in {C}omputer {S}cience},
 volume = {5},
 chapter = {Martin-L\"{o}f's type theory},
 publisher = {Oxford University Press},
 year = {2000},
 month ={10}
}

@techreport{per:71,
 author = {Martin-L\"{o}f, Per},
 title = {A {T}heory of {T}ypes},
 institution = {University of Stockholm},
 year = {1971}
}


@incollection{per:82,
title = "Constructive Mathematics and Computer Programming",
booktitle = "Logic, Methodology and Philosophy of Science VI, Proceedings of the Sixth International Congress of Logic, Methodology and Philosophy of Science",
publisher = "Elsevier",
year = "1982",
volume = "104",
pages = "153 - 175",
author = "Per Martin-LÃ¶f"
}

@inproceedings{bov:09,
author = {Ana Bove and Peter Dybjer and Ulf Norell},
title = {A Brief Overview of {A}gda - A Functional Language with {D}ependent {T}ypes},
booktitle = {Theorem Proving in Higher Order Logics},
year = {2009},
pages = {73--78}
}

@misc{alt:06,
  Author = {Altenkirch, Thorsten},
  Institution = {University of Nottingham},
  Howpublished = {Talk given at the Workshop on {T}rends in {C}onstructive {M}athematics},
  Year = {2006},
  Title = {Should Extensional Type Theory be considered harmful?}
}

@inproceedings{norell:09,
 author = {Norell, Ulf},
 title = {Dependently typed programming in {A}gda},
 booktitle = {Proceedings of the 4th international workshop on Types in language design and implementation},
 series = {TLDI '09},
 year = {2009},
 isbn = {978-1-60558-420-1},
 location = {Savannah, GA, USA},
 pages = {1--2},
 numpages = {2},
 url = {http://doi.acm.org/10.1145/1481861.1481862},
 doi = {http://doi.acm.org/10.1145/1481861.1481862},
 acmid = {1481862},
 publisher = {ACM},
 address = {New York, NY, USA},
 keywords = {dependent types, programming},
} 


@misc{ngk:11,
      author = {Kraus, Nicolai},
      title = {Equality in the {D}ependently {T}yped {L}ambda {C}alculus: {A}n {I}ntroduction to {H}omotopy {T}ype {T}heory},
      month = "October",
      year = 2011,
      url = {http://www.cs.nott.ac.uk/~ngk/karlsruhe.pdf}
}

@InProceedings{abb:04,
  author = 	 {Michael Abott and Thorsten Altenkirch and Neil Ghani 
                  and Conor McBride},
  title = 	 {Constructing Polymorphic Programs with {Q}uotient {T}ypes},
  booktitle = 	 {7th International Conference on Mathematics of Program Construction (MPC 2004)},
  year =	 {2004}
}


@misc{voe:hset,
      author = {Voevodsky, Vladimir},
      title = {Generalities on h{S}et - {C}oq Library h{S}et},
      url = {http://www.math.ias.edu/~vladimir/Foundations_library/hSet.html}
}




