@book{Nord,
 author = {Nordstr\"{o}m, Bengt and Petersson, Kent and Smith, Jan M.},
 title = {Programming in Martin-L\"{o}f's type theory: an introduction},
 year = {1990},
 isbn = {0-19-853814-6},
 publisher = {Clarendon Press},
 address = {New York, NY, USA},
} 

@book{habil,
 author = {Thomas, Streicher},
 title = {Investigations into Intenstional Type Theory},
 year = {1993},
 publisher = {Habilitation Thesis},
 address = {Ludwig-Maximilians Universit\"{a}t, Munich},
} 


@article{Palmgren,
 author = {Erik, Palmgren},
 title = {Proof-relevance of Families of Setoids and Identity in Type Theory},
 year = {2010},
 address = {Institut Mittag-Leffler},
} 



@article{Hedberg,
 author = {Michael, Hedberg},
 title = {A coherence theorem for Martin-L\"{o}f's type theory},
 year = {1998},
 address = {University of Goteb\"{o}rg and Chalmers University of Technology, Sweden},
} 