@book{nor:90,
 author = {Nordstr\"{o}m, Bengt and Petersson, Kent and Smith, Jan M.},
 title = {Programming in Martin-L\"{o}f's type theory: an introduction},
 year = {1990},
 isbn = {0-19-853814-6},
 publisher = {Clarendon Press},
 address = {New York, NY, USA},
} 

@book{str93:,
 author = {Thomas Streicher},
 title = {Investigations into Intenstional Type Theory},
 year = {1993},
 publisher = {Habilitation Thesis},
 address = {Ludwig-Maximilians Universit\"{a}t, Munich},
} 


@article{pal:10,
 author = {Erik Palmgren},
 title = {Proof-relevance of Families of Setoids and Identity in Type Theory},
 year = {2010},
 address = {Institut Mittag-Leffler},
} 



@article{hed:98,
 author = {Michael Hedberg},
 title = {A coherence theorem for Martin-L\"{o}f's type theory},
 year = {1998},
 address = {University of Goteb\"{o}rg and Chalmers University of Technology, Sweden},
}


@article{nuo:10,
 author = {Li Nuo},
 title = {Representing numbers in Agda},
 year = {2010},
 address = {University of Nottingham, UK},
} 

@inproceedings{cou:01,
  author = {Pierre Courtieu},
  title = {\textbf{Normalized types}},
  booktitle = {Proceedings of CSL2001},
  series = {Lecture Notes in Computer Science},
  year = 2001,
  volume = 2142,
  ps = {papers/courtieucsl2001.ps.gz}
}

@INPROCEEDINGS{Hofmann95asimple,
    author = {Martin Hofmann},
    title = {A Simple Model for Quotient Types},
    booktitle = {Proceedings of TLCA'95, volume 902 of Lecture Notes in Computer Science},
    year = {1995},
    pages = {216--234},
    publisher = {Springer}
}

@INPROCEEDINGS{hom,
    author = {Peter V. Homeier},
    title = {Quotient Types},
    booktitle = {In TPHOLs 2001: Supplemental Proceedings},
    year = {2001},
    pages = {0046}
}


@PHDThesis{hof:phd,
	title = {Extensional concepts in intensional type theory},
	author = {Hofmann, Martin},
	year = 1995,
	publisher = {University of Edinburgh.},
	school = {School of Informatics.}