@MISC{Altenkirch12setoidsare,
    author = {Thorsten Altenkirch and Nicolai Kraus},
    title = {Setoids are not an LCCC},
    year = {2012}
}

@inproceedings{DBLP:conf/tlca/Hofmann95,
  author    = {Martin Hofmann},
  title     = {A Simple Model for Quotient Types},
  booktitle = {Typed Lambda Calculi and Applications, Second International Conference
               on Typed Lambda Calculi and Applications, {TLCA} '95},
  year      = {1995},
  pages     = {216--234},
  crossref  = {DBLP:conf/tlca/1995},
  url       = {http://dx.doi.org/10.1007/BFb0014055},
  doi       = {10.1007/BFb0014055},
  timestamp = {Mon, 15 Sep 2014 01:09:29 +0200},
  biburl    = {http://dblp.uni-trier.de/rec/bib/conf/tlca/Hofmann95},
  bibsource = {dblp computer science bibliography, http://dblp.org}
}

@proceedings{DBLP:conf/tlca/1995,
  editor    = {Mariangiola Dezani{-}Ciancaglini and
               Gordon D. Plotkin},
  title     = {Typed Lambda Calculi and Applications, Second International Conference
               on Typed Lambda Calculi and Applications, {TLCA} '95, Edinburgh, UK,
               April 10-12, 1995, Proceedings},
  series    = {Lecture Notes in Computer Science},
  year      = {1995},
  volume    = {902},
  publisher = {Springer},
  isbn      = {3-540-59048-X},
  timestamp = {Tue, 16 Sep 2014 15:27:06 +0200},
  biburl    = {http://dblp.uni-trier.de/rec/bib/conf/tlca/1995},
  bibsource = {dblp computer science bibliography, http://dblp.org}
}s

@unpublished{TC:sset,
  title = {Types as {K}an {S}implicial {S}ets},
  Author = {Thierry Coquand},
  city = {Stockholm},
  month = {12},
  Year = {2012},
  note = {\url{http://www.cse.chalmers.se/~coquand/stockholm.pdf} Accessed: 2014-09-10}
}


@misc{martinsproof,
  title = {Martin's Proof on local continuity},
  howpublished = {\url{http://www.cs.bham.ac.uk/~mhe/agda/FailureOfTotalSeparatedness.html}},
  note = {Accessed: 2014-08-20}
}

@unpublished{VV,
  Author = {Vladimir Voevodsky},
  Date-Modified = {2013-05-12 19:02:35 +0000},
  Note = {\url{http://www.math.ias.edu/~vladimir/Site3/Univalent_Foundations_files/Hlambda_short_current.pdf}},
  Title = {A very short note on the homotopy {$\lambda$}-calculus},
  Year = 2006}
  
@article {awodey-warren,
    author = {Awodey, Steve and Warren, Michael A.},
     TITLE = {Homotopy theoretic models of identity types},
   JOURNAL = {Math. Proc. Cambridge Philos. Soc.},
  FJOURNAL = {Mathematical Proceedings of the Cambridge Philosophical
              Society},
    VOLUME = {146},
      YEAR = {2009},
    NUMBER = {1},
     PAGES = {45--55},
      ISSN = {0305-0041},
     CODEN = {MPCPCO},
MRCLASS = {03B15 (03B35 18Gxx 55Uxx 68T15)},
MRNUMBER = {2461866},
       DOI = {10.1017/S0305004108001783},
     URL = {http://dx.doi.org/10.1017/S0305004108001783},
    eprint = {0709.0248},
}


@inproceedings{DBLP:conf/itp/Danielsson12,
  author    = {Nils Anders Danielsson},
  title     = {Bag Equivalence via a Proof-Relevant Membership Relation},
  booktitle = {Interactive Theorem Proving - Third International Conference,
               ITP 2012},
  year      = {2012},
  pages     = {149-165},
  ee        = {http://dx.doi.org/10.1007/978-3-642-32347-8_11},
  crossref  = {DBLP:conf/itp/2012},
  bibsource = {DBLP, http://dblp.uni-trier.de}
}

@proceedings{DBLP:conf/itp/2012,
  editor    = {Lennart Beringer and
               Amy P. Felty},
  title     = {Interactive Theorem Proving - Third International Conference,
               ITP 2012, Princeton, NJ, USA, August 13-15, 2012. Proceedings},
  booktitle = {ITP},
  publisher = {Springer},
  series    = {Lecture Notes in Computer Science},
  volume    = {7406},
  year      = {2012},
  isbn      = {978-3-642-32346-1},
  ee        = {http://dx.doi.org/10.1007/978-3-642-32347-8},
  bibsource = {DBLP, http://dblp.uni-trier.de}
}

@inproceedings{DBLP:dblp_journals/tcs/Troelstra99,
   author              = {A. S. Troelstra},
   title               = {From Constructivism to Computer Science.},
   journal             = {Theor. Comput. Sci.},
   year                = {1999},
   pages               = {233-252},
   ee                  = {http://dx.doi.org/10.1016/S0304-3975(97)00172-2},
}



@techreport{per:71,
    author    = "Martin-L{\"o}f, Per",
    title     = "A Theory of Types",
    institution = "University of Stockholm",
    number   = "71–3",
    year      = "1971"
}

@incollection{Martin-Lof-1972,
	Author = {Martin-L{\"o}f, Per},
	Booktitle = {Twenty-five years of constructive type theory ({V}enice, 1995)},
	Mrclass = {03B15 (03F55)},
	Mrnumber = 1686864,
	Pages = {127--172},
	Publisher = {Oxford University Press},
        Editor = {Giovanni Sambin and Jan M. Smith},
	Series = {Oxford Logic Guides},
	Title = {An intuitionistic theory of types},
	Volume = 36,
	Year = 1998}

@incollection{Martin-Lof-1973,
	Author = {Martin-L{\"o}f, Per},
	Booktitle = {Logic Colloquium '73, Proceedings of the Logic Colloquium},
	Editor = {H.E. Rose and J.C. Shepherdson},
	Mrclass = {02C15 (02D99)},
	Mrnumber = {0387009 (52 \#7856)},
	Mrreviewer = {Horst Luckhardt},
	Pages = {73--118},
	Publisher = {North-Holland},
	Series = {Studies in Logic and the Foundations of Mathematics},
	Title = {An intuitionistic theory of types: predicative part},
	Volume = 80,
	Year = 1975}

@book{martin1984intuitionistic,
	Author = {Martin-L{\"o}f, Per},
	Isbn = {88-7088-105-9},
	Mrclass = {03B15 (03F50 03F55)},
	Mrnumber = {769301 (86j:03005)},
	Mrreviewer = {M. M. Richter},
	Pages = {iv+91},
	Publisher = {Bibliopolis},
	Series = {Studies in Proof Theory},
	Subtitle = {Notes by Giovanni Sambin},
	Title = {Intuitionistic type theory},
	Volume = {1},
	Year = {1984}}



@incollection{per:82,
title = "Constructive Mathematics and Computer Programming",
booktitle = "Logic, Methodology and Philosophy of Science VI, Proceedings of the Sixth International Congress of Logic, Methodology and Philosophy of Science",
publisher = "Elsevier",
year = "1982",
volume = "104",
pages = "153 - 175",
author = "Per Martin-Löf"
}

% above is copied from hott-book online bib file

@misc{lfmtp-github,
  author = {Nuo Li},
  title = {Some constructions on $\omega$-groupoids},
  year = {2014},
  publisher = {GitHub},
  journal = {GitHub repository},
  howpublished = {\url{https://github.com/nzl-nott/2014-LFMTP-Paper}}
}


@INPROCEEDINGS{Palmgren98onuniverses,
    author = {Erik Palmgren},
    booktitle = {Twenty-five years of constructive type theory},
    title = {On universes in type theory},
    publisher = {Oxford University Press},
  series    = {Oxford Logic Guides},
  volume    = {36},
  year      = {1998},
  ADDRESS   = {New York}
}

@INPROCEEDINGS{MR1686862,
    AUTHOR = {Hofmann, Martin and Streicher, Thomas},
    booktitle = {Twenty-five years of constructive type theory},
    TITLE = {The groupoid interpretation of type theory},
    publisher = {Oxford University Press},
  series    = {Oxford Logic Guides},
  volume    = {36},
  year      = {1998},
  ADDRESS   = {New York},
  MRCLASS   = {03B15 (68N15 68Q55)},
  MRNUMBER  = {1686862}
}


@InCollection{sep-type-theory,
	author       =	{Coquand, Thierry},
	title        =	{Type {T}heory},
	booktitle    =	{The Stanford Encyclopedia of Philosophy},
	editor       =	{Edward N. Zalta},
	howpublished =	{\url{http://plato.stanford.edu/archives/sum2014/entries/type-theory/}},
	year         =	{2014},
	edition      =	{Summer 2014},
}
@incollection{bove2009brief,
  title={A brief overview of Agda--a functional language with dependent types},
  author={Bove, Ana and Dybjer, Peter and Norell, Ulf},
  booktitle={Theorem Proving in Higher Order Logics},
  pages={73--78},
  year={2009},
  publisher={Springer}
}
@article{kleene1935inconsistency,
  title={The inconsistency of certain formal logics},
  author={Kleene, Stephen C and Rosser, J Barkley},
  journal={Annals of Mathematics},
  pages={630--636},
  year={1935},
  publisher={JSTOR}
}

@article{van2011types,
  title={Types are weak $\omega$-groupoids},
  author={van den Berg, Benno and Garner, Richard},
  journal={Proceedings of the London Mathematical Society},
  volume={102},
  number={2},
  pages={370--394},
  year={2011},
  publisher={Oxford University Press}
}

@Unpublished{klv:ssetmodel,
  author =   {Krzysztof Kapulkin and Peter LeFanu Lumsdaine and Vladimir Voevodsky},
  title =    {The Simplicial Model of Univalent Foundations},
  note =   {arXiv:1211.2851},
  year =   2012}

  @inproceedings{DBLP:dblp_journals/japll/Streicher14,
   author              = {Thomas Streicher},
   title               = {A model of type theory in simplicial sets: A brief introduction to Voevodsky's homotopy type theory.},
   journal             = {J. Applied Logic},
   year                = {2014},
   pages               = {45-49},
   ee                  = {http://dx.doi.org/10.1016/j.jal.2013.04.001},
}




@article{bezem2013model,
  title={A model of type theory in cubical sets},
  author={Bezem, Marc and Coquand, Thierry and Huber, Simon},
  journal={Preprint., September},
  year={2013}
}
@incollection{gregoire2005proving,
  title={Proving equalities in a commutative ring done right in Coq},
  author={Gr{\'e}goire, Benjamin and Mahboubi, Assia},
  booktitle={Theorem Proving in Higher Order Logics},
  pages={98--113},
  year={2005},
  publisher={Springer}
}

@phdthesis{van2012reflection,
  title={Reflection in Agda},
  author={van der Walt, Paul},
  year={2012},
  school={Master’s thesis, Universiteit Utrecht}
}


@unpublished{voe:06, 
author = {Voevodsky, Vladimir}, 
Title = {A very short note on homotopy $\lambda$-calculus}, 
YEAR = "2006",
Note = "Available at: http://math.ucr.edu/home/baez/Voevodsky\_note.ps"
} 

@incollection{hurkens1995simplification,
  title={A simplification of Girard's paradox},
  author={Hurkens, Antonius JC},
  booktitle={Typed Lambda Calculi and Applications},
  pages={266--278},
  year={1995},
  publisher={Springer}
}


@article{barendregt1991introduction,
  title={Introduction to generalized type systems},
  author={Barendregt, Henk and others},
  journal={J. Funct. Program.},
  volume={1},
  number={2},
  pages={125--154},
  year={1991}
}

@book{gdl:1931,
    author = "Godel, Kurt",
    title = "On formally undecidable propositions of principia mathematica and related systems",
    year = "1992",
    publisher = "Dover",
    keywords = "book.mathtext",
}


@article{clairambault2005categories,
  title={From categories with families to locally cartesian closed categories},
  author={Clairambault, Pierre},
  journal={Project Report, ENS Lyon},
  year={2005}
}


@book{hott,
        Author = {The Univalent Foundations Program},
        Institution = {Institute for Advanced Study},
        Title = {Homotopy type theory: Univalent foundations of mathematics},
        Year = {2013}}


@ARTICLE{mal:gwog,
   author = {{Maltsiniotis}, G.},
    title = "{Grothendieck $\infty$-groupoids, and still another definition of $\infty$-categories}",
  journal = {ArXiv e-prints},
archivePrefix = "arXiv",
   eprint = {1009.2331},
 primaryClass = "math.CT",
 keywords = {Mathematics - Category Theory, Mathematics - Algebraic Topology, 18C10, 18D05, 18G55, 55P15, 55Q05},
     year = 2010,
    month = sep,
   adsurl = {http://adsabs.harvard.edu/abs/2010arXiv1009.2331M},
  adsnote = {Provided by the SAO/NASA Astrophysics Data System}
}

@article{gro:ps,
  title={Pursuing {S}tacks} ,
  author={Grothendieck, Alexander},
  year={1983},
  note = {Manuscript}
}

@article{ara:wog,
  title={On the homotopy theory of Grothendieck $\infty$-groupoids},
  author={Ara, Dimitri},
  journal={Journal of Pure and Applied Algebra},
  volume={217},
  number={7},
  pages={1237--1278},
  year={2013},
  publisher={Elsevier}
}


@unpublished{vv_uf,
  author = {Voevodsky, Vladimir},
  title = {Univalent Foundations Project},
  note = {\url{http://www.math.ias.edu/~vladimir/Site3/Univalent_Foundations_files/univalent_foundations_project.pdf}},
  url = {http://www.math.ias.edu/~vladimir/Site3/Univalent_Foundations_files/univalent_foundations_project.pdf}
}

@article{uafe,
  title={A {C}oq proof that {U}nivalence {A}xioms implies {F}unctional {E}xtensionality},
  author={Bauer, Andrej and Lumsdaine, Peter LeFanu},
  year={2013}
}

@article{ms:uff,
  title={Univalence for free},
  author={Sozeau, Matthieu and Tabareau, Nicolas and others},
  year={2013}
}

@misc{gb:wog, 
author = {Guillaume Brunerie}, 
Title = {Syntactic {G}rothendieck weak {$\infty$}-groupoids}, 
YEAR = "2013"
} 

 
@article{txa:cie10,
  title={{Higher Order Containers}},
  author={Altenkirch, Thorsten and Levy, Paul and Staton, Sam},
  journal =         {Computability in Europe},
  year =         {2010},
}

@inproceedings{CRC,
 author = {Geuvers, Herman and Niqui, Milad},
 title = {Constructive Reals in Coq: Axioms and Categoricity},
 booktitle = {TYPES '00: Selected papers from the International Workshop on Types for Proofs and Programs},
 year = {2002},
 isbn = {3-540-43287-6},
 pages = {79--95},
 publisher = {Springer-Verlag},
 address = {London, UK},
 }

@inproceedings{field,
  author = {Delahaye, David and Mayero, Micaela},
  title = {{\tt Field}: une proc\'edure de d\'ecision pour les nombres
           r\'eels en {C}oq},
  booktitle = {{J}ourn\'ees {F}rancophones des {L}angages {A}pplicatifs,
              Pontarlier},
  publisher = {INRIA},
  month = {Janvier},
  year = {2001},
  http = {http://www-lipn.univ-paris13.fr/~mayero/publis/field.ps.gz}
}


@misc{wiki:Lazy_evaluation,
   author = "Wikipedia",
   title = "Lazy evaluation --- {W}ikipedia{,} The Free Encyclopedia",
   year = "2010",
   url = "http://en.wikipedia.org/wiki/Lazy_evaluation",
   note = "[Online; accessed 20-April-2010]"
 }

@misc{wiki:Coinduction,
   author = "Wikipedia",
   title = "Coinduction --- {W}ikipedia{,} The Free Encyclopedia",
   year = "2010",
   url = "http://en.wikipedia.org/wiki/Coinduction",
   note = "[Online; accessed 20-April-2010]"
}

@misc{wiki:Coq,
   author = "Wikipedia",
   title = "Coq --- {W}ikipedia{,} The Free Encyclopedia",
   year = "2010",
   url = "http://en.wikipedia.org/wiki/Coq",
   note = "[Online; accessed 20-April-2010]"
}

 
@misc{wiki:TS,
   author = "Wikipedia",
   title = "Taylor Series --- {W}ikipedia{,} The Free Encyclopedia",
   year = "2010",
   url = "http://en.wikipedia.org/wiki/Taylor_Series",
   note = "[Online; accessed 20-April-2010]"
}
@misc{wiki:Real,
   author = "Wikipedia",
   title = "Construction of the real numbers --- {W}ikipedia{,} The Free Encyclopedia",
   year = "2010",
   url = "http://en.wikipedia.org/wiki/Construction_of_the_real_numbers",
   note = "[Online; accessed 20-April-2010]"
}
 

@misc{agdawiki:main,
   author = "The Agda Wiki",
   title = "Main Page",
   year = "2014",
   url = "http://wiki.portal.chalmers.se/agda/pmwiki.php?n=Main.HomePage",
   note = "[Online; accessed 15-June-2014]"
 }

@unpublished{tutorial, 
author = {Ulf Norell}, 
Title = {Dependently typed programming in agda}, 
YEAR = "2008",
Note = "Available at: http://www.cse.chalmers.se/~ulfn/papers/afp08tutorial.pdf"
} 

@article{Bridges199995,
title = "Constructive mathematics: a foundation for computable analysis",
journal = "Theoretical Computer Science",
volume = "219",
number = "1-2",
pages = "95 - 109",
year = "1999",
note = "",
issn = "0304-3975",
doi = "DOI: 10.1016/S0304-3975(98)00285-0",
url = "http://www.sciencedirect.com/science/article/B6V1G-3WXWSM9-6/2/c1225a60fbe1d641e225bdf749181845",
author = "Douglas S. Bridges",
keywords = "Constructive",
keywords = "Intuitionistic logic",
keywords = "Recursive"
}

@article{Ciaffaglione200639,
title = "A certified, corecursive implementation of exact real numbers",
journal = "Theoretical Computer Science",
volume = "351",
number = "1",
pages = "39 - 51",
year = "2006",
note = "Real Numbers and Computers",
issn = "0304-3975",
doi = "DOI: 10.1016/j.tcs.2005.09.061",
url = "http://www.sciencedirect.com/science/article/B6V1G-4HCN79X-2/2/f3adf7d22f328d616fad84fa9b2bba7d",
author = "Alberto Ciaffaglione and Pietro Di Gianantonio",
keywords = "Exact computation",
keywords = "Streams of digits",
keywords = "Lazy functional algorithms",
keywords = "Coinductive type theories",
keywords = "Interactive theorem proving",
keywords = "Program and system verification",
keywords = "Logical Frameworks",
keywords = "Coq"
}

@inproceedings{jones,
 author = {Jones, Claire},
 title = {Completing the rationals and metric spaces in LEGO},
 booktitle = {Papers presented at the second annual Workshop on Logical environments},
 year = {1993},
 isbn = {0-521-43312-6},
 pages = {297--316},
 location = {Edinburgh, Scotland},
 publisher = {Cambridge University Press},
 address = {New York, NY, USA},
 }
 
 @inproceedings{howe,
 author = {Chirimar, Jawahar and Howe, Douglas J.},
 title = {Implementing Constructive Real Analysis: Preliminary Report},
 booktitle = {Constructivity in Computer Science, Summer Symposium},
 year = {1992},
 isbn = {3-540-55631-1},
 pages = {165--178},
 publisher = {Springer-Verlag},
 address = {London, UK},
 }

@inproceedings{oconnor,
 author = {O'Connor, Russell},
 title = {Certified Exact Transcendental Real Number Computation in Coq},
 booktitle = {TPHOLs '08: Proceedings of the 21st International Conference on Theorem Proving in Higher Order Logics},
 year = {2008},
 isbn = {978-3-540-71065-3},
 pages = {246--261},
 location = {Montreal, P.Q., Canada},
 doi = {http://dx.doi.org/10.1007/978-3-540-71067-7_21},
 publisher = {Springer-Verlag},
 address = {Berlin, Heidelberg},
 }
 
@Unpublished{alti:pisigma-new,
  author =          {Thorsten Altenkirch and Nils Anders Danielsson and Andres L\"oh and Nicolas Oury},
  title =          {PiSigma: Dependent Types Without the Sugar},
  note =          {submitted for publication},
  month =         {November},
  year =         {2009},
}

@Misc{alti:ydtm,
  author =         {Thorsten Altenkirch and Conor McBride and James McKinna},
  title =         {Why Dependent Types Matter},
  howpublished = {Manuscript, available online},
  month =         {April},
  year =         {2005},
}

@book{dtw,
 author = {Bove, Ana and Dybjer, Peter},
 title = {Dependent Types at Work},
 book = {Language Engineering and Rigorous Software Development: International LerNet ALFA Summer School 2008, Piriapolis, Uruguay, February 24 - March 1, 2008, Revised Tutorial Lectures},
 year = {2009},
 isbn = {978-3-642-03152-6},
 pages = {57--99},
 doi = {http://dx.doi.org/10.1007/978-3-642-03153-3_2},
 publisher = {Springer-Verlag},
 address = {Berlin, Heidelberg},
 }
 
@book{bishop,
 author = {Errett Bishop and Douglas Bridges},
 title = {Constructive Analysis},
 year = {1985},
 publisher = {Springer-Verlag},
 address = {Berlin, Heidelberg},
}
 
@inproceedings{aboa,
 author = {Bove, Ana and Dybjer, Peter and Norell, Ulf},
 title = {A Brief Overview of Agda --- A Functional Language with Dependent Types},
 booktitle = {TPHOLs '09: Proceedings of the 22nd International Conference on Theorem Proving in Higher Order Logics},
 year = {2009},
 isbn = {978-3-642-03358-2},
 pages = {73--78},
 location = {Munich, Germany},
 doi = {http://dx.doi.org/10.1007/978-3-642-03359-9_6},
 publisher = {Springer-Verlag},
 address = {Berlin, Heidelberg},
 }
 
@article{pdg,
 author = {Di Gianantonio, Pietro},
 title = {Real number computability and domain theory},
 journal = {Inf. Comput.},
 volume = {127},
 number = {1},
 year = {1996},
 issn = {0890-5401},
 pages = {11--25},
 doi = {http://dx.doi.org/10.1006/inco.1996.0046},
 publisher = {Academic Press, Inc.},
 address = {Duluth, MN, USA},
 }



@book{nor:90,
 author = {Nordstr\"{o}m, Bengt and Petersson, Kent and Smith, Jan M.},
 title = {Programming in Martin-L\"{o}f's type theory: an introduction},
 year = {1990},
 isbn = {0-19-853814-6},
 publisher = {Clarendon Press},
 address = {New York, NY, USA},
} 

@book{str93:,
 author = {Thomas Streicher},
 title = {Investigations into {I}ntenstional {T}ype {T}heory},
 year = {1993},
 publisher = {Habilitation Thesis},
 address = {Ludwig-Maximilians Universit\"{a}t, Munich},
} 


@article{pal:10,
 author = {Erik Palmgren},
 title = {Proof-relevance of {F}amilies of {S}etoids and {I}dentity in {T}ype {T}heory},
 year = {2010},
 address = {Institut Mittag-Leffler},
} 


@article{nuo:10,
 author = {Li Nuo},
 title = {Representing numbers in {A}gda},
 year = {2010},
 address = {University of Nottingham, UK},
} 

@inproceedings{cou:01,
  author = {Pierre Courtieu},
  title = {\textbf{Normalized types}},
  booktitle = {Proceedings of CSL2001},
  series = {Lecture Notes in Computer Science},
  year = 2001,
  volume = 2142,
  ps = {papers/courtieucsl2001.ps.gz}
}

@INPROCEEDINGS{hof:95:sm,
    author = {Martin Hofmann},
    title = {A {S}imple {M}odel for {Q}uotient {T}ypes},
    booktitle = {Proceedings of TLCA'95, volume 902 of Lecture Notes in Computer Science},
    year = {1995},
    pages = {216--234},
    publisher = {Springer}
}

@INPROCEEDINGS{hom,
    author = {Peter V. Homeier},
    title = {Quotient {T}ypes},
    booktitle = {In TPHOLs 2001: Supplemental Proceedings},
    year = {2001},
    pages = {0046}
}


@PHDThesis{hof:phd,
        title = {Extensional concepts in {I}ntensional {T}ype {T}heory},
        author = {Hofmann, Martin},
        year = 1995,
        publisher = {University of Edinburgh.},
        school = {School of Informatics.}
}        
        
@book{bis:85,
 author = {Bishop, Errett and Douglas Bridges},
 title = {Constructive {A}nalysis},
 year = {1985},
 isbn = {0-387-15066-8},
 publisher = {Springer},
 address = {New York}
} 
        
        
@article{aan,
 author = {Thorsten Altenkirch and Thomas Anberr\'{e}e and Nuo Li},
 title = {Definable {Q}uotients in {T}ype {T}heory},
 year = {2011},
 address = {University of Nottingham, UK}
} 


@INPROCEEDINGS{nog:02,
    author = {Aleksey Nogin},
    title = {Quotient Types: A {M}odular {A}pproach},
    booktitle = {ITU-T Recommendation H.324},
    year = {2002},
    pages = {263--280},
    publisher = {Springer-Verlag}
}

@inproceedings{hof:95:con,
 author = {Hofmann, Martin},
 title = {Conservativity of {E}quality {R}eflection over {I}ntensional {T}ype {T}heory},
 booktitle = {Selected papers from the International Workshop on Types for Proofs and Programs},
 series = {TYPES '95},
 year = {1996},
 isbn = {3-540-61780-9},
 pages = {153--164},
 numpages = {12},
 url = {http://portal.acm.org/citation.cfm?id=646536.695865},
 acmid = {695865},
 publisher = {Springer-Verlag},
 address = {London, UK}
} 


@INPROCEEDINGS{bar:96,
    author = {Gilles Barthe and Herman Geuvers},
    title = {Congruence {T}ypes},
    booktitle = {Proceedings of CSL'95},
    year = {1996},
    pages = {36--51},
    publisher = {Springer-Verlag}
}

@inproceedings{coq:92,
author = {Thierry Coquand},
title = {Pattern {M}atching with {D}ependent {T}ypes},
booktitle = {Types for Proofs and Programs},
year = {1992},
masid = {325604}
}

@MISC{cab,
    author = {Robert L. Constable and Stuart F. Allen and S. F. Allen and H. M. Bromley and W. R. Cleaveland and J. F. Cremer and R. W. Harper and Douglas J. Howe and T. B. Knoblock and N. P. Mendler and P. Panangaden and Scott F. Smith and James T. Sasaki and S. F. Smith},
    title = {Implementing {M}athematics with {T}he {N}uprl {P}roof {D}evelopment {S}ystem},
    year = {1986}
}


@InProceedings{men:90,
        title = {Quotient types via coequalizers in Martin-L\"{o}f type theory},
        author = {Mendler, N.P.},
        booktitle = {Proceedings of the {L}ogical {F}rameworks {W}orkshop},
        pages = {349--361},
        year = 1990
}


@book{rus:1903,
 author = {Russell, Bertrand},
 title = {The {P}rinciples of {M}athematics},
 year = {1903},
 publisher = {Cambridge University Press},
 address = {Cambridge}
} 

@inbook{nor:00,
 author = {Nordstr\"{o}m, Bengt and Petersson, Kent and Smith, Jan M.},
 booktitle = {Handbook of {L}ogic in {C}omputer {S}cience},
 volume = {5},
 chapter = {Martin-L\"{o}f's type theory},
 publisher = {Oxford University Press},
 year = {2000},
 month ={10}
}


@inproceedings{bov:09,
author = {Ana Bove and Peter Dybjer and Ulf Norell},
title = {A Brief Overview of {A}gda - A Functional Language with {D}ependent {T}ypes},
booktitle = {Theorem Proving in Higher Order Logics},
year = {2009},
pages = {73--78}
}

@misc{alt:06,
  Author = {Altenkirch, Thorsten},
  Institution = {University of Nottingham},
  Howpublished = {Talk given at the Workshop on {T}rends in {C}onstructive {M}athematics},
  Year = {2006},
  Title = {Should Extensional Type Theory be considered harmful?}
}

@inproceedings{norell:09,
 author = {Norell, Ulf},
 title = {Dependently typed programming in {A}gda},
 booktitle = {Proceedings of the 4th international workshop on Types in language design and implementation},
 series = {TLDI '09},
 year = {2009},
 isbn = {978-1-60558-420-1},
 location = {Savannah, GA, USA},
 pages = {1--2},
 numpages = {2},
 url = {http://doi.acm.org/10.1145/1481861.1481862},
 doi = {http://doi.acm.org/10.1145/1481861.1481862},
 acmid = {1481862},
 publisher = {ACM},
 address = {New York, NY, USA},
 keywords = {dependent types, programming},
} 


@misc{ngk:11,
      author = {Kraus, Nicolai},
      title = {Equality in the {D}ependently {T}yped {L}ambda {C}alculus: {A}n {I}ntroduction to {H}omotopy {T}ype {T}heory},
      month = "October",
      year = 2011,
      howpublished = {\url{http://www.cs.nott.ac.uk/~ngk/karlsruhe.pdf}}
}

@InProceedings{abb:04,
  author =          {Michael Abott and Thorsten Altenkirch and Neil Ghani 
                  and Conor McBride},
  title =          {Constructing Polymorphic Programs with {Q}uotient {T}ypes},
  booktitle =          {7th International Conference on Mathematics of Program Construction (MPC 2004)},
  year =         {2004}
}


@misc{voe:hset,
      author = {Voevodsky, Vladimir},
      title = {Generalities on h{S}et - {C}oq Library h{S}et},
      howpublished = {\url{http://www.math.ias.edu/~vladimir/Foundations_library/hSet.html}}
}


@INPROCEEDINGS{Dyb:96,
    author = {Peter Dybjer},
    title = {Internal {T}ype {T}heory},
    booktitle = {Lecture {N}otes in {C}omputer {S}cience},
    year = {1996},
    pages = {120--134},
    publisher = {Springer}
}

@INPROCEEDINGS{hof:97,
    author = {Martin Hofmann},
    title = {Syntax and {S}emantics of {D}ependent {T}ypes},
    booktitle = {Semantics and Logics of Computation},
    year = {1997},
    pages = {79--130},
    publisher = {Cambridge University Press}
}

@article{bar:03,
  author      = "Gilles Barthe and Venanzio Capretta and Olivier Pons",
  title       = "Setoids in type theory",
  journal     = "Journal of Functional Programming",
  volume      = 13,
  number      = 2,
  pages       = "261-293",
  publisher   = "Cambridge University Press",
  year        = 2003
}

% DBLP versions

@inproceedings{hofmann1995interpretation,
  author    = {Martin Hofmann},
  title     = {On the {I}nterpretation of {T}ype {T}heory in {L}ocally {C}artesian
               {C}losed {C}ategories},
  booktitle = {Computer Science Logic, 8th International Workshop, CSL
               '94},
  year      = {1994},
  pages     = {427-441},
  ee        = {http://dx.doi.org/10.1007/BFb0022273},
  crossref  = {DBLP:conf/csl/1994},
  bibsource = {DBLP, http://dblp.uni-trier.de}
}

@proceedings{DBLP:conf/csl/1994,
  title     = {Computer Science Logic, 8th International Workshop, CSL
               '94, Kazimierz, Poland, September 25-30, 1994, Selected
               Papers},
  booktitle = {CSL},
  publisher = {Springer},
  series    = {Lecture Notes in Computer Science},
  volume    = {933},
  year      = {1995},
  isbn      = {3-540-60017-5},
  bibsource = {DBLP, http://dblp.uni-trier.de}
}

@InProceedings{alti:lics99,
  author    = {Thorsten Altenkirch},
  title     = {Extensional {E}quality in {I}ntensional {T}ype {T}heory},
  booktitle = {14th Annual IEEE Symposium on Logic in Computer Science},
  year      = {1999},
  pages     = {412-420},
  ee        = {http://doi.ieeecomputersociety.org/10.1109/LICS.1999.782636},
  crossref  = {DBLP:conf/lics/1999},
  bibsource = {DBLP, http://dblp.uni-trier.de}
}

@proceedings{DBLP:conf/lics/1999,
  title     = {14th Annual IEEE Symposium on Logic in Computer Science,
               Trento, Italy, July 2-5, 1999},
  booktitle = {LICS},
  publisher = {IEEE Computer Society},
  year      = {1999},
  isbn      = {0-7695-0158-3},
  bibsource = {DBLP, http://dblp.uni-trier.de}
}


@inproceedings{alti:ott-conf,
  author    = {Thorsten Altenkirch and
               Conor McBride and
               Wouter Swierstra},
  title     = {Observational equality, now!},
  booktitle = {Proceedings of the ACM Workshop Programming Languages meets
               Program Verification, PLPV 2007},
  year      = {2007},
  pages     = {57-68},
  ee        = {http://doi.acm.org/10.1145/1292597.1292608},
  crossref  = {DBLP:conf/plpv/2007},
  bibsource = {DBLP, http://dblp.uni-trier.de}
}

@proceedings{DBLP:conf/plpv/2007,
  title     = {Proceedings of the ACM Workshop Programming Languages meets
               Program Verification, PLPV 2007, Freiburg, Germany, October
               5, 2007},
  booktitle = {PLPV},
  publisher = {ACM},
  year      = {2007},
  isbn      = {978-1-59593-677-6},
  bibsource = {DBLP, http://dblp.uni-trier.de}
}



@inproceedings{txa:csl,
  author    = {Thorsten Altenkirch and
               Ondrej Rypacek},
  title     = {A Syntactical {A}pproach to {W}eak $\omega$-{G}roupoids},
  booktitle = {Computer Science Logic (CSL'12) - 26th International Workshop/21st
               Annual Conference of the EACSL, CSL 2012},
  year      = {2012},
  pages     = {16-30},
  ee        = {http://dx.doi.org/10.4230/LIPIcs.CSL.2012.16},
  crossref  = {DBLP:conf/csl/2012},
  bibsource = {DBLP, http://dblp.uni-trier.de}
}

@proceedings{DBLP:conf/csl/2012,
  title     = {Computer Science Logic (CSL'12) - 26th International Workshop/21st
               Annual Conference of the EACSL, CSL 2012, September 3-6,
               2012, Fontainebleau, France},
  booktitle = {CSL},
  publisher = {Schloss Dagstuhl - Leibniz-Zentrum fuer Informatik},
  series    = {LIPIcs},
  volume    = {16},
  year      = {2012},
  isbn      = {978-3-939897-42-2},
  ee        = {http://drops.dagstuhl.de/opus/portals/extern/index.php?semnr=12009},
  bibsource = {DBLP, http://dblp.uni-trier.de}
}


@inproceedings{txa:mpc2010g,
  author    = {Nils Anders Danielsson and
               Thorsten Altenkirch},
  title     = {Subtyping, {D}eclaratively},
  booktitle = {Proceedings of Mathematics of Program Construction, 10th International
               Conference, MPC 2010},
  year      = {2010},
  pages     = {100-118},
  ee        = {http://dx.doi.org/10.1007/978-3-642-13321-3_8},
  crossref  = {DBLP:conf/mpc/2010},
  bibsource = {DBLP, http://dblp.uni-trier.de}
}
@proceedings{DBLP:conf/mpc/2010,
  title     = {Mathematics of Program Construction, 10th International
               Conference, MPC 2010, Qu{\'e}bec City, Canada, June 21-23,
               2010. Proceedings},
  booktitle = {MPC},
  publisher = {Springer},
  series    = {Lecture Notes in Computer Science},
  volume    = {6120},
  year      = {2010},
  isbn      = {978-3-642-13320-6},
  ee        = {http://dx.doi.org/10.1007/978-3-642-13321-3},
  bibsource = {DBLP, http://dblp.uni-trier.de}
}


@article{hed:98,
  author    = {Michael Hedberg},
  title     = {A {C}oherence {T}heorem for {M}artin-{L}{\"o}f's {T}ype {T}heory},
  journal   = {J. Funct. Program.},
  volume    = {8},
  number    = {4},
  year      = {1998},
  pages     = {413-436},
  ee        = {http://journals.cambridge.org/action/displayAbstract?aid=44199},
  bibsource = {DBLP, http://dblp.uni-trier.de}
}

@inproceedings{mcbride:elimination,
  author    = {Conor McBride},
  title     = {Elimination with a Motive},
  booktitle = {Types for Proofs and Programs, International Workshop, TYPES
               2000},
  year      = {2000},
  pages     = {197-216},
  ee        = {http://dx.doi.org/10.1007/3-540-45842-5_13},
  crossref  = {DBLP:conf/types/2000},
  bibsource = {DBLP, http://dblp.uni-trier.de}
}

@proceedings{DBLP:conf/types/2000,
  title     = {Types for Proofs and Programs, International Workshop, TYPES
               2000, Durham, UK, December 8-12, 2000, Selected Papers},
  booktitle = {TYPES},
  publisher = {Springer},
  series    = {Lecture Notes in Computer Science},
  volume    = {2277},
  year      = {2002},
  isbn      = {3-540-43287-6},
  bibsource = {DBLP, http://dblp.uni-trier.de}
}


@article{DBLP:journals/entcs/Lubarsky07,
  author    = {Robert S. Lubarsky},
  title     = {On the Cauchy Completeness of the Constructive Cauchy Reals},
  journal   = {Electr. Notes Theor. Comput. Sci.},
  volume    = {167},
  year      = {2007},
  pages     = {225-254},
  ee        = {http://dx.doi.org/10.1016/j.entcs.2006.09.012},
  bibsource = {DBLP, http://dblp.uni-trier.de}
}
